@inproceedings{h-lfp-1992,
  author = {Fritz Henglein},
  title = {Global Tagging Optimization by Type Inference},
  booktitle = {LFP},
  pages = {205 -- 215},
  year = {1992}
}
@inproceedings{t-popl-1990,
  author = {Satish Thatte},
  title = {Quasi-Static Typing},
  booktitle = {POPL},
  pages = {367 -- 381},
  year = {1990}
}
@inproceedings{awl-popl-1994,
  author = {Alexander Aiken
            and Edward L. Wimmers
            and T. K. Lakshman},
  title = {Soft Typing with Conditional Types},
  booktitle = {POPL},
  pages = {163 -- 173},
  year = {1994}
}
@phdthesis{w-thesis-1994,
  author = {Andrew K. Wright},
  title = {Practical Soft Typing},
  school = {Rice University},
  year = {1994}
}
@inproceedings{r-popl-1989,
  author = {Didier R\'{e}my},
  title = {Typechecking records and variants in a natural
           extension of ML},
  booktitle = {POPL},
  pages = {77 -- 88},
  year = {1989}
}
@phdthesis{f-thesis-1991,
  author = {Mike Fagan},
  title = {Soft typing: An approach to type checking for
           dynamically typed languages},
  school = {Rice University},
  year = {1991}
}
@inproceedings{ckg-popl-2017,
  title={Type Systems as Macros},
  author = {Stephen Chang and Alex Knauth and Ben Greenman},
  booktitle={POPL},
  year={2017}
}
@inproceedings{h-dtic-1973,
  title={Hints on Programming Language Design},
  author={C.A.R. Hoare},
  booktitle={DTIC document},
  year={1973}
}
@inproceedings{m-icop-1984,
  title={Polymorphic Type Schemes and Recursive Definitions},
  author={Alan Mycroft},
  booktitle={ICOP},
  year={1984}
}
